<record><leader>00000cas a22000007a 4500</leader><controlfield tag="001">15633982</controlfield><controlfield tag="008">870505d18441844wiuir ne      0    0eng d</controlfield><datafield ind1=" " ind2=" " tag="010"><subfield code="a">sn 87082466 </subfield></datafield><datafield ind1=" " ind2=" " tag="040"><subfield code="a">NPV</subfield><subfield code="b">eng</subfield><subfield code="c">NPV</subfield><subfield code="d">OCLCQ</subfield></datafield><datafield ind1=" " ind2=" " tag="042"><subfield code="a">msc</subfield></datafield><datafield ind1="0" ind2=" " tag="130"><subfield code="a">Commercial herald (Milwaukee, Wis. : 1844)</subfield></datafield><datafield ind1="1" ind2="4" tag="245"><subfield code="a">The commercial herald.</subfield></datafield><datafield ind1=" " ind2=" " tag="260"><subfield code="a">Milwaukie [i.e. Milwaukee, Wis.] :</subfield><subfield code="b">Elisha Starr,</subfield><subfield code="c">1844-1844.</subfield></datafield><datafield ind1=" " ind2=" " tag="300"><subfield code="a">v.</subfield></datafield><datafield ind1=" " ind2=" " tag="310"><subfield code="a">Triweekly</subfield></datafield><datafield ind1="0" ind2=" " tag="362"><subfield code="a">Vol. 2, no. 37 (Nov. 25, 1844)-v. 2, no. 51 (Dec. 27, 1844).</subfield></datafield><datafield ind1=" " ind2=" " tag="752"><subfield code="a">United States</subfield><subfield code="b">Wisconsin</subfield><subfield code="c">Milwaukee</subfield><subfield code="d">Milwaukee.</subfield></datafield><datafield ind1=" " ind2=" " tag="752"><subfield code="a">United States</subfield><subfield code="b">Wisconsin</subfield><subfield code="c">Washington</subfield><subfield code="d">Milwaukee.</subfield></datafield><datafield ind1="0" ind2="0" tag="780"><subfield code="t">Milwaukie commercial herald</subfield><subfield code="w">(DLC)sn 85033169</subfield></datafield><datafield ind1="0" ind2="4" tag="785"><subfield code="t">Milwaukie sentinel</subfield><subfield code="w">(DLC)sn 86086601</subfield></datafield></record>